@article{FleckCumm,
        author = "J. A. Fleck and J. D. Cummings",
        title = "An {I}mplicit {M}onte {C}arlo {S}cheme for {C}alculating {T}ime and
{F}requency {D}ependent {N}onlinear {R}adiation {T}ransport",
        journal = "J. Comp. Phys.",
        volume = "8",
        year = "1971",
        pages = "313--342"}
@inproceedings{WolLarDen,
        author = "Allan B. Wollaber and Edward W. Larsen and Jeffery D.
Densmore",
        title = "Towards a Frequency-Dependent Discrete Maximum Principle for
the {I}mplicit {M}onte {C}arlo Equations",
        booktitle = "Proc. of ANS M\&C 2011",
        year = "May 8-12, 2011",
        %organization = "Latin American Section (LAS)/American Nuclear Society (ANS)",
        address = "Rio de Janeiro, RJ, Brazil"}
@article{Wadsworth,
        author = "D. van Zelm Wadsworth",
        title = "Improved asymptotic expansion for the exponential integral
with positive argument",
        journal = "Mathematics of Computation",
        volume = "19",
	issue = "90",
        year = "1965",
        pages = "327--328"}
@MISC{wolframEn,
	author= "Eric  W. Weisstein",
	title="En-Function. \emph{From Mathworld--A Wolfram Web Resource}",
	month="July",
	year="2011",
	howpublished={\url{http://mathworld.wolfram.com/En-function.html}}}
@Book{MathFunc,
	author="M. Abramowitz and I. A. Stegun",
	title="Handbook of Mathematical Functions with Formulas, Graphs, and
Mathematical Tables",
	publisher="Dover Publications, Inc.",
	address="New York",
	year="1972"}
@Book{numRec,
	author="William H. Press and Saul A. Teukolsky and William T.
Vetterling and Brian P. Flannery",
	title="Numerical Recipes: The Art of Scientific Computing",
	edition="3rd",
	publisher="Cambridge University Press",
	address="New York",
	year="2007"}
@article{LarsMerc,
        author = "Edward W. Larsen and Bertrand Mercier",
        title = "Analysis of a {M}onte {C}arlo Method for Nonlinear Radiative
Transfer",
        journal = "J. Comp. Phys.",
        volume = "71",
	issue = "1",
        year = "1987",
        pages = "50--64"}
@article{BardDub,
        author = "J. N. Bardlsey and A. Dubi",
        title = "Average Transport Path Length in Scattering Media",
        journal = "SIAM Journal on Applied Mathematics",
        volume = "40",
	issue = "1",
        year = "1981",
        pages = "71--77"}
@article{Dirac,
        author = "P. A. M. Dirac",
        title = "Approximate Rate of Neutron Multiplication for a Solid of
Arbitrary Shape and Density",
        journal = "Declassified British Report MS-D-5, Part I",
        year = "1943"}
@Book{Pomraming,
	author="G. C. Pomraming",
	title="The Equations of Radiation Hydrodynamics",
	publisher="Pergamon",
	address="Oxford",
	year="1973"}
@article{eckardt,
	author="Roger Eckardt",
	title="Stan {U}lam, {J}ohn von {N}eumann, and the {M}onte {C}arlo Method",
	journal="Los Alamos Science",
	year="1987"}
@Book{lewis,
	author="Elmer Eugene Lewis and W. F. Miller",
	title="Computational Methods of Neutron Transport",
	publisher="Wiley",
	address="University of Michigan",
	year="1984"}
@article{Fleck2,
        author = "J A Fleck, Jr.",
        title = "The Calculation of Nonlinear Radiation Transport by a Monte Carlo Method",
        journal = "Computational Methods in the Physical Sciences",
        volume = "1",
        year = "1963",
        pages = "43"}
@article{DenLar,
        author = "J. D. Densmore, E. W. Larsen",
        title = "Asymptotic equilibrium diffusion analysis of time-dependent Monte Carlo methods for grey radiative transfer",
        journal = "J. Comp. Phys.",
        volume = "199",
        issue="1",
        year = "2004",
        pages = "175--204"}
@article{ddmc,
        author = "J. D. Densmore, T. J. Urbatsch, T. M. Evans, M. W. Buksas",
        title = "A hybrid transport-diffusion method for Monte Carlo radiative-transfer simulations",
        journal = "J. Comp. Phys.",
        volume = "222",
        issue="2",
        year = "2007",
        pages = "485--503"}
@article{CarterForest,
        author = "L. L. Carter, C. A. Forest",
        title = "Nonlinear radiation transport simulation with an implicit Monte Carlo method",
        journal = "Tech. Rep. LA-5038, Los Alamos National Laboratory",
        year = "1973"}
@article{Nkaoua,
        author = "T. N'kaoua",
        title = "Solution of the nonlinear radiative transfer equations by a fully implicit matrix Monte Carlo method coupled with the Rosseland diffusion equation via domain decomposition",
        journal = "SIAM J. Sci. Stat. Comput.",
        volume = "12",
        year = "1991",
        pages = "505"}
@article{WolThesis,
        author = "A. B. Wollaber",
        title = "Advanced Monte Carlo Methods for Thermal Radiation Transport",
        journal = "Ph.D. Thesis, University of Michigan",
        year = "2008"}
@article{long,
        author = "A. Long",
        title = "TODO",
        journal = "MS Thesis, Oregon State University",
        year = "2012"}


A.B. Wollaber, Advanced Monte Carlo Methods for Thermal Radiation Transport, Ph.D. Thesis, University of Michigan, Ann Arbor, 2008.